<record><leader>00000cas a22000007a 4500</leader><controlfield tag="001">2266179</controlfield><controlfield tag="008">760620d18431846paudn ne      0    0eng d</controlfield><controlfield tag="009">54</controlfield><datafield ind1=" " ind2=" " tag="010"><subfield code="a">sn 85054565 </subfield></datafield><datafield ind1=" " ind2=" " tag="040"><subfield code="a">PIT</subfield><subfield code="b">eng</subfield><subfield code="c">PIT</subfield><subfield code="d">NPH</subfield><subfield code="d">DLC</subfield><subfield code="d">NPH</subfield></datafield><datafield ind1="1" ind2=" " tag="029"><subfield code="a">AU@</subfield><subfield code="b">000025798715</subfield></datafield><datafield ind1=" " ind2=" " tag="042"><subfield code="a">msc</subfield></datafield><datafield ind1="0" ind2="0" tag="050"><subfield code="a">Newspaper 9597</subfield></datafield><datafield ind1="0" ind2=" " tag="130"><subfield code="a">Pittsburgh morning post (Pittsburgh, Pa. : 1843)</subfield></datafield><datafield ind1="0" ind2="0" tag="245"><subfield code="a">Pittsburgh morning post.</subfield></datafield><datafield ind1="1" ind2="3" tag="246"><subfield code="a">Daily morning post</subfield></datafield><datafield ind1="1" ind2="3" tag="246"><subfield code="a">Daily post</subfield></datafield><datafield ind1=" " ind2=" " tag="260"><subfield code="a">Pittsburgh, Pa. :</subfield><subfield code="b">Thos. Phillips &amp; W.H. Smith,</subfield><subfield code="c">1843-1846.</subfield></datafield><datafield ind1=" " ind2=" " tag="300"><subfield code="a">2 v. :</subfield><subfield code="b">ill. ;</subfield><subfield code="c">60 cm.</subfield></datafield><datafield ind1=" " ind2=" " tag="310"><subfield code="a">Daily (except Sun.)</subfield></datafield><datafield ind1="0" ind2=" " tag="362"><subfield code="a">Vol. 1, no. 274 (July 29, 1843)-v. 2, no. 49 (Sept. 16, 1846).</subfield></datafield><datafield ind1=" " ind2=" " tag="500"><subfield code="a">Publishers: Thos. Phillips &amp; W.H. Smith, July 29, 1843-July 21, 1845; Bigler, Sargent &amp; Bigler, July 22, 1845-July 25, 1846; Bigler &amp; Sargent, July 27-Sept. 16, 1846.</subfield></datafield><datafield ind1=" " ind2=" " tag="515"><subfield code="a">Numbering is irregular.</subfield></datafield><datafield ind1=" " ind2=" " tag="752"><subfield code="a">United States</subfield><subfield code="b">Pennsylvania</subfield><subfield code="c">Allegheny</subfield><subfield code="d">Pittsburgh.</subfield></datafield><datafield ind1="0" ind2=" " tag="775"><subfield code="t">Weekly Mercury and manufacturer</subfield><subfield code="w">(DLC)sn 86083225</subfield></datafield><datafield ind1="0" ind2="0" tag="780"><subfield code="t">Daily morning post (Pittsburgh, Pa. : 1842)</subfield><subfield code="w">(DLC)sn 85054564</subfield></datafield><datafield ind1="0" ind2="0" tag="785"><subfield code="t">Daily morning post (Pittsburgh, Pa. : 1846)</subfield><subfield code="w">(OCoLC)10399619</subfield><subfield code="w">(DLC)sn 84026248</subfield></datafield></record>